<?xml version="1.0" encoding="UTF-8"?><collection xmlns="http://www.loc.gov/MARC21/slim"><record><leader>00461nam--2200193-u-4500</leader><controlfield tag="001">000055940</controlfield><controlfield tag="002">20161230</controlfield><controlfield tag="005">20161230201052</controlfield><controlfield tag="008">130827s1000------------r-----000-0-rus-d</controlfield><datafield ind1=" " ind2=" " tag="040"><subfield code="a">IFIN-HH</subfield></datafield><datafield ind1=" " ind2=" " tag="041"><subfield code="a">rus</subfield></datafield><datafield ind1=" " ind2=" " tag="080"><subfield code="a">524.882</subfield></datafield><datafield ind1="1" ind2=" " tag="100"><subfield code="a">Novikov, I.D</subfield></datafield><datafield ind1="1" ind2="0" tag="245"><subfield code="a">Fizika cernih dir</subfield><subfield code="c">I.v. novikov, v.p. frolov</subfield></datafield><datafield ind1=" " ind2=" " tag="260"><subfield code="a">Moskva</subfield><subfield code="b">Nauka</subfield><subfield code="c">1986</subfield></datafield><datafield ind1=" " ind2=" " tag="300"><subfield code="a">326P</subfield></datafield><datafield ind1="1" ind2=" " tag="700"><subfield code="a">Frolov, V.P</subfield></datafield><datafield ind1=" " ind2=" " tag="852"><subfield code="a">73982</subfield><subfield code="c">521/522</subfield></datafield><datafield ind1=" " ind2=" " tag="CAT"><subfield code="a">Sys</subfield><subfield code="c">20130827</subfield><subfield code="h">133340</subfield></datafield></record></collection>